@misc{nasm-website,   
    title = {NASM Home Page},   
    url = {https://www.nasm.us/},   
    author = {{The NASM development team}},   
    year = {2015},   
    note = {Voir aussi https://github.com/netwide-assembler/nasm} 
}

@misc{bochs-website,   
    title = {Bochs Home Page},   
    url = {https://bochs.sourceforge.io/},   
    author = {{The Bochs Project}},   
    year = {2021}
}

@misc{qemu-website,   
    title = {Qemu Home Page},   
    url = {https://www.qemu.org/},   
    year = {2022}
}
